@article {Alexander39,
    AUTHOR = {Alexander, J. W.},
     TITLE = {Ordered sets, complexes, and the problem of bicompactification},
   JOURNAL = {Proc. Nat. Acad. Sci. U.S.A.},
    VOLUME = {22},
      YEAR = {1939},
     PAGES = {296--298},
}

@article {CholakJockuschSlaman01,
    AUTHOR = {Cholak, P. A. and Jockusch, Jr., C. G. and Slaman, T. A.},
     TITLE = {On the strength of {R}amsey's theorem for pairs},
   JOURNAL = {J. Symbolic Logic},
  FJOURNAL = {Journal of Symbolic Logic},
    VOLUME = {66},
      YEAR = {2001},
    NUMBER = {1},
     PAGES = {1--55},
  MRNUMBER = {1825173 (2002c:03094)},
       DOI = {10.2307/2694910},
}

@article {Dekker54,
    AUTHOR = {Dekker, J. C. E.},
     TITLE = {A theorem on hypersimple sets},
   JOURNAL = {Proc. Amer. Math. Soc.},
  FJOURNAL = {Proceedings of the American Mathematical Society},
    VOLUME = {5},
      YEAR = {1954},
     PAGES = {791--796},
  MRNUMBER = {0063995 (16,209b)},
       DOI = {10.1090/S0002-9939-1954-0063995-6},
}

@article {DzhafarovMummertXX,
   AUTHOR = {Dzhafarov, D. D. and Mummert, C.},
    TITLE = {Reverse mathematics and properties of finite character},
  JOURNAL = {preprint},
   EPRINT = {1109.3378},
     YEAR = {2011},
    PAGES = {15},
      URL = {http://arxiv.org/abs/1109.3378},
 ARCHIVEPREFIX = {arXiv},
 PRIMARYCLASS = {math-lo},
     NOTE = {arXiv:math-lo/1109.3378},
}

@article {Godel31,
    AUTHOR = {G{\"o}del, K.},
     TITLE = {\"{U}ber formal unentscheidbare {S}\"atze der {P}rincipia {M}athematica und verwandter {S}ysteme {I}},
   JOURNAL = {Monatsh. Math. Phys.},
  FJOURNAL = {Monatshefte f\"ur Mathematik und Physik},
    VOLUME = {38},
      YEAR = {1931},
    NUMBER = {1},
     PAGES = {173--198},
  MRNUMBER = {1549910},
       DOI = {10.1007/BF01700692},
}

@article {HirschfeldtShoreSlaman09,                                                            
    AUTHOR = {Hirschfeldt, D. R. and Shore, R. A. and Slaman, T. A.},
     TITLE = {The atomic model theorem and type omitting},
   JOURNAL = {Trans. Amer. Math. Soc.},
  FJOURNAL = {Transactions of the American Mathematical Society},
    VOLUME = {361},
      YEAR = {2009},
    NUMBER = {11},
     PAGES = {5805--5837},
  MRNUMBER = {2529915 (2010m:03019)},
       DOI = {10.1090/S0002-9947-09-04847-8},
}                                                                   

@phdthesis {Hirst87,
    AUTHOR = {Hirst, J. L.},
     TITLE = {Combinatorics in Subsystems of Second Order Arithmetic},
    SCHOOL = {The Pennsylvania State University},
      YEAR = {1987},
     PAGES = {153},
}

@phdthesis {Hunter08,
    AUTHOR = {Hunter, J.},
     TITLE = {Higher-order reverse topology},
    SCHOOL = {The University of Wisconsin - Madison},
      YEAR = {2008},
     PAGES = {97},
}

@article {JockuschPosner78,
    AUTHOR = {Jockusch, Jr., C. G. and Posner, D. B.},
     TITLE = {Double jumps of minimal degrees},
   JOURNAL = {J. Symbolic Logic},
  FJOURNAL = {The Journal of Symbolic Logic},
    VOLUME = {43},
      YEAR = {1978},
    NUMBER = {4},
     PAGES = {715--724},
  MRNUMBER = {518677 (80d:03042)},
       DOI = {10.2307/2273510},
}

@article {JockuschSoare72,
    AUTHOR = {Jockusch, Jr., C. G. and Soare, R. I.},
     TITLE = {{$\Pi ^{0}_{1}$} classes and degrees of theories},
   JOURNAL = {Trans. Amer. Math. Soc.},
  FJOURNAL = {Transactions of the American Mathematical Society},
    VOLUME = {173},
      YEAR = {1972},
     PAGES = {33--56},
  MRNUMBER = {0316227 (47 \#4775)},
}

@article {Kelley50,
    AUTHOR = {Kelley, J. L.},
     TITLE = {The {T}ychonoff product theorem implies the axiom of choice},
   JOURNAL = {Fund. Math.},
  FJOURNAL = {Polska Akademia Nauk. Fundamenta Mathematicae},
    VOLUME = {37},
      YEAR = {1950},
     PAGES = {75--76},
  MRNUMBER = {0039982 (12,626d)},
}

@article {KleenePost54,
    AUTHOR = {Kleene, S. C. and Post, E. L.},
     TITLE = {The upper semi-lattice of degrees of recursive unsolvability},
   JOURNAL = {Ann. of Math. (2)},
  FJOURNAL = {Annals of Mathematics. Second Series},
    VOLUME = {59},
      YEAR = {1954},
     PAGES = {379--407},
  MRNUMBER = {0061078 (15,772a)},
       URL = {http://www.jstor.org/stable/1969708},
}

@incollection {LermanRosenstein82,
    AUTHOR = {Lerman, M. and Rosenstein, J. G.},
     TITLE = {Recursive linear orderings},
 BOOKTITLE = {Patras {L}ogic {S}ymposion ({P}atras, 1980)},
    SERIES = {Stud. Logic Foundations Math.},
    VOLUME = {109},
     PAGES = {123--136},
 PUBLISHER = {North-Holland},
   ADDRESS = {Amsterdam},
      YEAR = {1982},
  MRNUMBER = {694256 (84j:03092)},
}

@article {Loeb65,
    AUTHOR = {Loeb, P. A.},
     TITLE = {A new proof of the {T}ychonoff theorem},
   JOURNAL = {Amer. Math. Monthly},
  FJOURNAL = {The American Mathematical Monthly},
    VOLUME = {72},
      YEAR = {1965},
     PAGES = {711--717},
  MRNUMBER = {0190896 (32 \#8306)},
       URL = {http://www.jstor.org/stable/2314411},
}

@article {Mummert06,
    AUTHOR = {Mummert, C.},
     TITLE = {Reverse mathematics of {MF} spaces},
   JOURNAL = {J. Math. Log.},
  FJOURNAL = {Journal of Mathematical Logic},
    VOLUME = 6,
      YEAR = 2006,
    NUMBER = 2,
     PAGES = {203--232},
  MRNUMBER = {2317427 (2008d:03011)},
       DOI = {10.1142/S0219061306000578},
}

@article {MummertStephan10,
    AUTHOR = {Mummert, C. and Stephan, F.},
     TITLE = {Topological aspects of poset spaces},
   JOURNAL = {Michigan Math. J.},
  FJOURNAL = {Michigan Mathematical Journal},
    VOLUME = {59},
      YEAR = {2010},
    NUMBER = {1},
     PAGES = {3--24},
  MRNUMBER = {2654139},
       DOI = {10.1307/mmj/1272376025},
}

@article {Mytilinaios89,
    AUTHOR = {Mytilinaios, M.},
     TITLE = {Finite injury and {$\Sigma_1$}-induction},
   JOURNAL = {J. Symbolic Logic},
  FJOURNAL = {The Journal of Symbolic Logic},
    VOLUME = 54,
      YEAR = 1989,
    NUMBER = 1,
     PAGES = {38--49},
  MRNUMBER = {MR987320 (90i:03067a)},
       DOI = {10.2307/2275013},
}

@article {Post44,
    AUTHOR = {Post, E. L.},
     TITLE = {Recursively enumerable sets of positive integers and their decision problems},
   JOURNAL = {Bull. Amer. Math. Soc.},
  FJOURNAL = {Bulletin of the American Mathematical Society},
    VOLUME = {50},
      YEAR = {1944},
     PAGES = {284--316},
  MRNUMBER = {0010514 (6,29f)},
       DOI = {10.1090/S0002-9904-1944-08111-1},
}

@incollection {Scott62,
    AUTHOR = {Scott, D.},
     TITLE = {Algebras of sets binumerable in complete extensions of arithmetic},
 BOOKTITLE = {Proc. {S}ympos. {P}ure {M}ath., {V}ol. {V}},
     PAGES = {117--121},
 PUBLISHER = {American Mathematical Society},
   ADDRESS = {Providence, R.I.},
      YEAR = {1962},
  MRNUMBER = {0141595 (25 \#4993)},
}

@article {Shoenfield60,
    AUTHOR = {Shoenfield, J. R.},
     TITLE = {Degrees of models},
   JOURNAL = {J. Symbolic Logic},
  FJOURNAL = {The Journal of Symbolic Logic},
    VOLUME = {25},
      YEAR = {1960},
     PAGES = {233--237},
  MRNUMBER = {0139525 (25 \#2957)},
       URL = {http://www.jstor.org/stable/2964680},
}

@book {Simpson09,
    AUTHOR = {Simpson, S. G.},
     TITLE = {Subsystems of second order arithmetic},
    SERIES = {Perspectives in Logic},
   EDITION = {Second},
 PUBLISHER = {Cambridge University Press},
   ADDRESS = {Cambridge},
      YEAR = {2009},
     PAGES = {xvi+444},
      ISBN = {978-0-521-88439-6},
  MRNUMBER = {2517689 (2010e:03073)},
       DOI = {10.1017/CBO9780511581007},
}

@incollection {Smorynski77,
    AUTHOR = {Smory{\'n}ski, C.},
     TITLE = {The incompleteness theorems},
 BOOKTITLE = {Handbook of mathematical logic},
    SERIES = {Stud. Logic Foundations Math.},
    VOLUME = {90},
     PAGES = {821--865},
 PUBLISHER = {North-Holland},
   ADDRESS = {Amsterdam},
      YEAR = {1977},
  MRNUMBER = {0491063 (58 \#10343)},
}

@article {Tychonoff35,
    AUTHOR = {Tychonoff, A.},
     TITLE = {\"{U}ber die {A}bbildungen bikompakter {R}\"aume in {E}uklidische {R}\"aume},
   JOURNAL = {Math. Ann.},
  FJOURNAL = {Mathematische Annalen},
    VOLUME = {111},
      YEAR = {1935},
    NUMBER = {1},
     PAGES = {760--761},
  MRNUMBER = {1513029},
       DOI = {10.1007/BF01472254},
}

@article {Watnick84,
    AUTHOR = {Watnick, R.},
     TITLE = {A generalization of {T}ennenbaum's theorem on effectively finite recursive linear orderings},
   JOURNAL = {J. Symbolic Logic},
  FJOURNAL = {The Journal of Symbolic Logic},
    VOLUME = {49},
      YEAR = {1984},
    NUMBER = {2},
     PAGES = {563--569},
  MRNUMBER = {745385 (85i:03152)},
       DOI = {10.2307/2274189},
}